@article{mikolov,
  title={Efficient Estimation of Word Representations in Vector Space},
  author={Tomas Mikolov and Kai Chen and Gregory S. Corrado and Jeffrey Dean},
  journal={CoRR},
  year={2013},
  volume={abs/1301.3781}
}

@article{Mikolov2014,
  title={Efficient Estimation of Word Representations in Vector Space},
  author={Tomas Mikolov and Kai Chen and Gregory S. Corrado and Jeffrey Dean},
  journal={CoRR},
  year={2013},
  volume={abs/1301.3781}
}

@article{DBLP:journals/corr/abs-2007-04792,
  author    = {David Schlangen},
  title     = {Targeting the Benchmark: On Methodology in Current Natural Language
               Processing Research},
  journal   = {CoRR},
  volume    = {abs/2007.04792},
  year      = {2020},
  url       = {https://arxiv.org/abs/2007.04792},
  archivePrefix = {arXiv},
  eprint    = {2007.04792},
  timestamp = {Mon, 20 Jul 2020 14:20:39 +0200},
  biburl    = {https://dblp.org/rec/journals/corr/abs-2007-04792.bib},
  bibsource = {dblp computer science bibliography, https://dblp.org}
}